% Encoding: UTF-8

@Online{Bossa2017,
  author = {Nadia Bossa},
  date   = {2017},
  editor = {YouTube},
  title  = {ROTEIRO DE OBSERVAÇÃO - Parte I - Como iniciar um diagnóstico psicopedagógico},
  url    = {https://www.youtube.com/watch?v=CgekJby5hqk},
  year   = {2017},
}

@Online{Birthday2020,
  author = {Idol Birthday},
  date   = {2020-06-07},
  editor = {Idol Birthday},
  title  = {ZABETTA MACARINI Idol Birthday},
  url    = {https://www.idolbirthdays.com/zabetta-macarini},
}

@Book{Aberastury1981,
  author   = {Arminda Aberastury; Mauricio Knobel},
  date     = {1981-05-31},
  subtitle = {Um enfoque psicanalítico},
  title    = {Adolescência normal},
  year     = {1981},
}

@Article{Sousa2017,
  author       = {Brenda Cardoso De Sousa; José Milton De Carvalho Neto; Ana Paula Andrade Silva; Milene Martins},
  date         = {2017-07-04},
  journaltitle = {Even3},
  title        = {A INFLUÊNCIA DOS YOUTUBERS NA PERSONALIDADE DO ADOLESCENTE: APRENDIZAGEM OBSERVACIONAL},
  url          = {https://www.even3.com.br/anais/mpct2017/47446-a-influencia-dos-youtubers-na-personalidade-do-adolescente--aprendizagem-observacional/},
  urldate      = {2020-06-07},
  year         = {2017},
}

@Book{Vigotskii2010,
  author = {Lev Semenovich Vigotskii},
  date   = {2010},
  title  = {Linguagem, Desenvolvimento e Aprendizagem},
  year   = {2010},
}

@Book{Ivic2010,
  author = {Ivan Ivic; Edgar Pereira Coelho},
  date   = {2010},
  title  = {Lev Semionovich Vygotsky},
  year   = {2010},
}

@Book{Carraro2015,
  author = {Patrícia Carraro},
  date   = {2015-12-31},
  title  = {Psicologia do desenvolvimento e aprendizagem},
  year   = {2015},
}

@Article{Costa2009,
  author       = {Bruno César Simões Costa},
  date         = {2009},
  journaltitle = {Revista do programa de pós-graduação em comunicação e cultura da escola de comunicação da UFRJ},
  title        = {Personagens de si nas videografias do YouTube},
  url          = {https://uakari.org.br/eco_pos/article/view/958/898},
  urldate      = {2020-06-08},
  year         = {2009},
}

@Article{,
  author = {Miqueli Schoffen;Luciane Pereira Viana},
  title  = {INFLUÊNCIAS ESTABELECIDAS ENTRE OS YOUTUBERS ANA MARIA BROGUI EDANIELLE NOCE E SEUS SEGUIDORES},
}

@Comment{jabref-meta: databaseType:biblatex;}
